@online{mitsuhiko:flask,
  author = {Armin Ronacher},
  title = {Large app how to},
  year = 2014,
  howpublished = "\url{https://github.com/mitsuhiko/flask/wiki/Large-app-how-to}",
  note = {Accessed: 2015-04-28} 
}
